<?xml version="1.0" encoding="UTF-8"?><collection xmlns="http://www.loc.gov/MARC21/slim"><record><leader>00555nam--2200193-i-4500</leader><controlfield tag="001">000015408</controlfield><controlfield tag="002">20161230</controlfield><controlfield tag="005">20161230201031</controlfield><controlfield tag="008">060222s1000------------r-----000-0-eng-d</controlfield><datafield ind1=" " ind2=" " tag="020"><subfield code="a">047105772X</subfield></datafield><datafield ind1=" " ind2=" " tag="040"><subfield code="a">IFIN-HH</subfield></datafield><datafield ind1=" " ind2=" " tag="080"><subfield code="a">539.12.172:539.12.173</subfield></datafield><datafield ind1="1" ind2=" " tag="100"><subfield code="a">Bohren, Craig F</subfield></datafield><datafield ind1="1" ind2="0" tag="245"><subfield code="a">Absorption and scattering of light by small particle</subfield><subfield code="c">Craig f. bohren; donald r. huffman</subfield></datafield><datafield ind1=" " ind2=" " tag="260"><subfield code="a">SINGAPORE</subfield><subfield code="b">John Wiley And Sons</subfield><subfield code="c">1983</subfield></datafield><datafield ind1=" " ind2=" " tag="300"><subfield code="a">XIV + 530 P</subfield></datafield><datafield ind1="1" ind2=" " tag="700"><subfield code="a">Huffman, Donald R</subfield></datafield><datafield ind1=" " ind2=" " tag="852"><subfield code="a">72469</subfield><subfield code="c">535</subfield></datafield><datafield ind1=" " ind2=" " tag="CAT"><subfield code="a">Sys</subfield><subfield code="c">20110929</subfield><subfield code="h">133219</subfield></datafield></record></collection>